@misc{change2014climate,
  title={Climate Change 2014, Mitigation of Climate Change, Working Group III Contribution to the Fifth Assessment Report of the Intergovernmental Panel on Climate Change},
  author={CHANGE, INTERGOVERNMENTAL PANEL ON CLIMATE},
  year={2014},
  publisher={Cambridge University Press, Cambridge}
}
